<?xml version="1.0" encoding="UTF-8"?><collection xmlns="http://www.loc.gov/MARC21/slim"><record><leader>00438nam--2200169-u-4500</leader><controlfield tag="001">000051395</controlfield><controlfield tag="002">20161230</controlfield><controlfield tag="005">20161230201049</controlfield><controlfield tag="008">080710s1000------------r-----000-0-eng-d</controlfield><datafield ind1=" " ind2=" " tag="040"><subfield code="a">IFIN-HH</subfield></datafield><datafield ind1=" " ind2=" " tag="080"><subfield code="a">517</subfield></datafield><datafield ind1="1" ind2=" " tag="100"><subfield code="a">Grell,H.(s.a.)</subfield></datafield><datafield ind1="1" ind2="0" tag="245"><subfield code="a">Enzyklopadie der Elementarmathematik. Arithmetik</subfield></datafield><datafield ind1=" " ind2=" " tag="260"><subfield code="a">Berlin</subfield><subfield code="c">1967</subfield></datafield><datafield ind1=" " ind2=" " tag="490"><subfield code="a">Hochschulbucher fur Mathematik</subfield><subfield code="v">Band 1</subfield></datafield><datafield ind1=" " ind2=" " tag="852"><subfield code="a">76573</subfield><subfield code="c">517</subfield></datafield><datafield ind1=" " ind2=" " tag="CAT"><subfield code="a">Sys</subfield><subfield code="c">20080710</subfield><subfield code="h">090554</subfield></datafield></record></collection>